<record><leader>00000cas a22000007a 4500</leader><controlfield tag="001">12205454</controlfield><controlfield tag="008">850627d18931913wiuwr ne      0    0eng d</controlfield><datafield ind1=" " ind2=" " tag="010"><subfield code="a">sn 85040679 </subfield></datafield><datafield ind1=" " ind2=" " tag="040"><subfield code="a">NPV</subfield><subfield code="b">eng</subfield><subfield code="c">NPV</subfield><subfield code="d">OCLCQ</subfield></datafield><datafield ind1=" " ind2=" " tag="042"><subfield code="a">msc</subfield></datafield><datafield ind1=" " ind2=" " tag="045"><subfield code="a">w9x1</subfield></datafield><datafield ind1=" " ind2=" " tag="052"><subfield code="a">4123</subfield><subfield code="b">R6</subfield></datafield><datafield ind1="0" ind2="0" tag="245"><subfield code="a">Recorder and times.</subfield></datafield><datafield ind1="1" ind2="3" tag="246"><subfield code="a">Janesville recorder</subfield></datafield><datafield ind1="1" ind2="7" tag="246"><subfield code="a">Janesville daily recorder</subfield></datafield><datafield ind1=" " ind2=" " tag="260"><subfield code="a">Janesville, Rock County, Wis. :</subfield><subfield code="b">Recorder Printing,</subfield><subfield code="c">1893-</subfield></datafield><datafield ind1=" " ind2=" " tag="300"><subfield code="a">21 v. :</subfield><subfield code="b">ill.</subfield></datafield><datafield ind1=" " ind2=" " tag="310"><subfield code="a">Weekly</subfield></datafield><datafield ind1="0" ind2=" " tag="362"><subfield code="a">Vol. 24, no. 35 (Apr. 27, 1893)-v. 44, no. 136 (Aug. 1, 1912) ; 35th year, no. 127 (Aug. 8, 1912)-</subfield></datafield><datafield ind1="1" ind2=" " tag="362"><subfield code="a">Ceased in 1913?</subfield></datafield><datafield ind1=" " ind2=" " tag="500"><subfield code="a">Running title, Sept. 7, 1911-&lt;Mar. 20, 1913&gt;: Janesville daily recorder.</subfield></datafield><datafield ind1=" " ind2=" " tag="500"><subfield code="a">Editor: B. Fuellemann, June 8-July 13, 1911.--W.E. Warr, July 20, 1911-July 25, 1912.</subfield></datafield><datafield ind1=" " ind2=" " tag="515"><subfield code="a">Continues numbering of daily ed., Sept. 26, 1912-&lt;Mar. 20, 1913&gt;.</subfield></datafield><datafield ind1=" " ind2=" " tag="530"><subfield code="a">Available on microfilm from The State Historical Society of Wisconsin.</subfield></datafield><datafield ind1=" " ind2=" " tag="752"><subfield code="a">United States</subfield><subfield code="b">Wisconsin</subfield><subfield code="c">Rock</subfield><subfield code="d">Janesville.</subfield></datafield><datafield ind1="0" ind2="0" tag="780"><subfield code="t">Janesville weekly recorder and times</subfield><subfield code="w">(DLC)sn 85040678</subfield></datafield><datafield ind1="1" ind2=" " tag="029"><subfield code="a">AU@</subfield><subfield code="b">000025803984</subfield></datafield></record>